3518 4778
307 228 362 323 78
783 159 787 165 ἱ
828 207 1079 327 Confidcratio
1095 210 1152 303 X

309 379 397 434 nem
411 357 559 434 alterum
573 358 609 433 in
624 354 803 436 sceleribus
818 358 884 435 suia
899 357 1139 458 desperantem
1155 357 1316 460 agnosce.
1341 360 1381 437 Ο
1395 382 1487 462 quot
1495 362 1579 438 taier
1589 388 1666 440 cor·

312 457 350 529 vi
364 457 564 531 etiamnum
578 455 673 538 sunt,
695 459 753 552 qui
775 456 819 530 de
834 457 890 532 die
903 461 940 533 in
953 457 1054 532 diem
1069 457 1169 532 suam
1185 446 1356 535 disserunt
1371 459 1669 540 convcrsronemt

312 548 493 626 cosumbae
506 551 588 625 veri
599 550 1513 653 gementea,&dignotpoenitontiaesrusiutfacientes.
1523 553 1548 626 ὃ
1559 542 1669 655 quam

235 696 239 701 -
311 645 857 740 raraeisicnimitumpermnitan
872 647 1152 734 carnuntensem
1166 650 1400 723 disabtrnrorn.
1426 649 1601 725 Audiatur
1616 646 1670 724 bic

103 740 504 829 ricuinuttneAicuinor:
529 740 627 826 sorr),
641 746 764 840 inquit,
777 749 936 839 respondes,
950 771 1032 827 cres,
1046 770 1128 829 crat,
1140 768 1312 818 convertent
1337 746 1353 816 s
1370 771 1429 818 vox
1441 753 1582 817 tornines
1605 768 1671 816 cor·

102 854 194 913 rinno
207 850 285 910 &ri-
313 860 365 912 ,rttr
378 863 437 910 non
451 836 596 910 rediitad
608 863 718 920 arcam,
729 844 861 913 oostensa
873 842 979 913 rediitr
996 843 1148 928 firnnrrir
1162 848 1361 935 penitentiam
1375 864 1467 937 agere,
1476 839 1595 932 quando
1606 860 1671 932 pet·

103 936 157 1001 tiit.
316 954 383 1007 cete
397 960 457 1006 non
465 956 559 1023 poter,
574 933 691 1025 qnando
702 957 821 1028 pectere
836 954 865 1007 tc
879 936 1057 1024 dimiserunt,
1067 961 1125 1006 non
1140 957 1174 1008 tu
1184 941 1250 1011 iser
1269 936 1344 1025 fiatis
1354 943 1465 1009 asienus
1476 962 1505 1007 rt
1517 933 1671 1031 ἄμμ’

317 1029 361 1105 ad
369 1029 512 1129 agendum
522 1037 721 1123 'ponitentiaem
738 1052 850 1126 tenpus
859 1032 1236 1127 [ennuntisrxpettndrc

414 1150 444 1214 3·
456 1122 615 1200 Veniunt
626 1122 779 1205 hicmihi
793 1131 830 1201 in
841 1145 1001 1203 mentem
1015 1125 1148 1203 duoiisi
1158 1126 1277 1210 baiuli.
1291 1131 1353 1225 qui
1363 1124 1511 1203 botrum
1521 1123 1672 1202 insolita

318 1221 571 1321 magnitudinis
590 1221 634 1297 de
644 1243 733 1297 terra
746 1222 920 1301 cranam
941 1228 978 1299 in
994 1225 1219 1319 vestemque
1233 1223 1280 1295 ad
1294 1222 1403 1297 eastra
1417 1221 1540 1306 istaes,
1559 1222 1597 1294 in
1613 1219 1673 1293 de·

105 1337 288 1416 nouom
316 1319 407 1396 serto
423 1319 558 1393 Arabiae
574 1335 658 1392 tunc
674 1317 799 1403 iocata,
811 1336 1059 1418 portaverunt:
1074 1328 1288 1415 pergentesque
1299 1336 1387 1411 nsque
1400 1319 1672 1398 adrorrornnbo·

18 1432 21 1439 '
319 1423 377 1500 tri,
395 1413 577 1508 absciderunt
589 1421 741 1508 palmitem
757 1439 821 1488 curn
832 1439 889 1487 trra
903 1407 971 1501 su,
989 1439 1075 1507 prem
1086 1435 1281 1510 portaverunt
1295 1421 1327 1485 in
1338 1421 1415 1486 relic
1429 1416 1490 1485 dno
1504 1419 1574 1488 rtri.
1622 1408 1673 1491 Ex

319 1535 428 1613 quoa
456 1530 559 1607 patet,
576 1532 685 1606 quam
700 1509 932 1588 sertisirsuerit
945 1508 1000 1585 iila
1012 1530 1098 1586 terra
1112 1506 1296 1584 benedisia
1313 1515 1345 1585 dt
1362 1507 1538 1606 promissa.

416 1536 677 1776 snufiustinur
691 1630 752 1704 per
762 1606 890 1683 Uvam
906 1605 1004 1682 iilam
1016 1609 1053 1680 in
1066 1605 1167 1680 ueste
1185 1605 1420 1775 pendentem,
1438 1602 1624 1679 Christum
1634 1605 1673 1678 in

106 1632 183 1691 Snn
205 1621 297 1691 ‚serm

180 1646 205 1772 s
550 1722 683 1781 cotem.
704 1702 881 1786 subaudit,
898 1727 959 1800 per
974 1705 1066 1778 duur
1082 1703 1169 1780 verb

105 1729 171 1781 roo.
199 1729 304 1793 crrnp.
320 1702 441 1780 Cruee
455 1726 521 1800 pen

323 1810 459 1874 Prarunt
467 1798 574 1896 iudai,
580 1802 703 1896 inquit,
711 1798 872 1891 seponatur
881 1799 1048 1893 (brsshnir
1067 1804 1097 1870 sn'
1108 1798 1581 1890 (asnnnfttarnarrtcconsprliatn
1589 1798 1673 1890 sm

319 1919 439 1994 gerant,
453 1894 550 1991 iudai
558 1893 623 1988 post
633 1894 768 1981 dorlani
791 1900 832 1966 issi
845 1897 1008 1988 obsequium
1022 1902 1180 1987 proferunt
1194 1892 1313 1986 (inpio,
1328 1899 1359 1965 n·
1373 1912 1582 1984 contemptum.

419 1985 563 2064 Possunt
578 1993 683 2062 etiam
701 2012 759 2086 per
779 1988 870 2064 duos
884 1990 967 2065 istor
981 1988 1117 2082 bajusor
1131 1988 1223 2064 recte
1242 1985 1414 2063 subaudiri
1431 1987 1505 2062 duo
1521 1985 1673 2061 iatroner

322 2112 409 2164 eum
424 2084 568 2162 Christo
585 2084 757 2167 crucifixit
784 2110 873 2160 unur
888 2087 1053 2161 divinum
1068 2083 1169 2158 isium
1186 2080 1298 2180 Cypri
1317 2086 1465 2160 botrum
1482 2101 1562 2156 ante
1579 2083 1611 2155 se
1626 2085 1673 2156 vi·

109 2189 242 2279 ssim·
324 2181 387 2268 dit,
397 2189 430 2257 dt
443 2180 660 2260 intenuit&
675 2182 720 2257 de
735 2183 805 2270 ejus
820 2180 1005 2256 dulcedine
1018 2180 1184 2280 gustavit:
1201 2189 1350 2273 Quoniam
1358 2178 1673 2272 ficnrisrssnornt'anr.

327 2279 412 2355 aiter
428 2281 486 2378 qui
501 2274 677 2374 processu,
690 2300 754 2351 nec
764 2276 911 2352 botrum
925 2275 1027 2352 isium
1041 2278 1205 2351 diuinum
1216 2275 1370 2351 attendit,
1378 2297 1443 2347 nec
1451 2272 1673 2357 dulcedinem

1213 1700 1342 1786 ninius,
1360 1700 1436 1774 duo
1448 1699 1673 1775 tesiamenrar

325 2378 397 2467 ejus
411 2371 570 2475 gustavit.
587 2372 735 2469 proinde
750 2370 879 2448 merito
894 2364 915 2457 ὲ
932 2371 1013 2459 Deo
1032 2374 1387 2545 rejestur‘periiruuia
1402 2371 1470 2465 ipse
1484 2371 1597 2459 perire
1612 2389 1673 2444 uo·

326 2472 403 2552 suit,
418 2471 508 2546 dum
527 2468 697 2544 obstinata
711 2472 783 2561 ejus
798 2469 961 2546 voluntat
976 2493 1168 2544 omncmo
1218 2465 1355 2540 rmabar
1375 2465 1470 2541 saluti
1488 2467 1556 2539 suae
1567 2469 1673 2544 viam.

328 2566 421 2642 Vide
434 2566 567 2648 euhoe,
581 2569 699 2638 anime
714 2569 784 2642 mi!
809 2556 917 2661 quim
935 2566 1073 2641 occulta
1089 2562 1153 2636 snt
1166 2563 1232 2642 Dei
1246 2561 1382 2652 iudicia,
1396 2585 1472 2656 qua
1490 2583 1673 2657 nunquam

329 2660 471 2766 possunt
489 2656 554 2734 csse
568 2661 708 2752 injussar
730 2686 789 2736 cur
807 2664 867 2734 uni
881 2660 979 2735 Deus
992 2661 1073 2736 dare
1088 2657 1174 2741 solet
1188 2653 1673 2758 gratiamcfficacem,&non

114 2763 290 2853 ”⁰⁸03ss
326 2758 445 2839 asteris
479 2758 575 2855 Resp.
592 2757 773 2853 prodictus
788 2758 821 2831 S.
840 2759 988 2833 Antisiea
1003 2755 1262 2926 Hipponensis:
1287 2754 1562 2848 Nosir'mssigm,
1576 2754 1608 2844 ps
1618 2776 1673 2824 nor

324 2862 372 2930 tir
383 2880 494 2932 arere.
544 2857 727 2941 Miseram,
744 2859 791 2927 ait
807 2853 902 2927 Deus
918 2851 961 2927 ad
974 2854 1069 2949 Moy
1085 2856 1146 2932 en,
1162 2859 1212 2922 cui
1226 2857 1359 2928 noscero,
1376 2852 1414 2923 (r
1426 2857 1547 2920 tienenr
1565 2855 1673 2932 creda

329 2977 412 3045 quern
426 2956 498 3023 mihi
506 2954 657 3044 psaccrerir.
699 2950 845 3025 Interim
859 2972 943 3041 cape
960 2948 1020 3021 tibi
1035 2949 1107 3020 boc
1125 2971 1189 3043 pro
1201 2944 1388 3019 reflexione
1403 2944 1545 3025 morosi,
1558 2942 1580 3014 st
1591 2946 1673 3018 divi«

328 3073 373 3122 na
386 3069 419 3122 tc
432 3053 556 3120 excitat
572 3049 677 3142 gratia
695 3045 738 3117 ad
757 3045 946 3116 rneiiorem
962 3048 1086 3120 vitam,
1101 3043 1178 3117 noii
1195 3044 1309 3114 cordis
1323 3047 1371 3115 tui
1389 3043 1506 3139 trainae
1518 3040 1673 3114 claudere

329 3142 457 3216 sucenti
471 3140 553 3219 soii,
573 3162 685 3231 neque
702 3140 845 3213 obicem
860 3140 987 3213 divina
1001 3143 1262 3236 gratiamur,
1278 3127 1413 3213 sortasse
1431 3160 1509 3212 non
1526 3135 1673 3236 amplisu

112 3250 260 3329 imnis·
328 3234 473 3313 redibit=
495 3243 604 3328 spirat,
618 3238 667 3305 nsi
683 3240 756 3307 rust.

300 3340 304 3347 '
419 3358 454 3423 4.
471 3330 539 3404 Sed
581 3354 631 3401 ua
648 3327 756 3410 causa.
771 3326 956 3412 dices,tam
969 3323 1189 3402 admirandae
1202 3326 1444 3403 conversionis
1456 3331 1492 3402 in
1501 3324 1673 3407 Dismain

116 3441 148 3509 B.
159 3439 430 3505 Arnoiddetrone
447 3422 533 3500 suit?
599 3423 661 3521 esp.
681 3422 802 3507 beatur
819 3425 998 3500 Arnoidue
1011 3421 1259 3498 canonensis:
1282 3424 1387 3498 Latro
1404 3422 1569 3506 tiruium,
1586 3428 1673 3521 §Eser

110 3530 267 3604 averno.
328 3536 510 3600 Nannenus
521 3521 775 3617 Rexffndaornn,
790 3525 826 3595 in
836 3520 951 3595 Cruce
963 3519 1129 3615 scriptum
1144 3521 1241 3597 vidit,
1255 3525 1288 3593 bt
1302 3516 1411 3593 corde
1425 3518 1586 3616 perscgirt
1597 3522 1673 3597 ideo

116 3634 214 3717 Atto„
226 3648 265 3696 ra.
330 3616 517 3697 conuersus
531 3610 551 3691 ὲ
566 3614 707 3691 Christo
725 3616 875 3691 audivit:
899 3617 1002 3689 Hodie
1014 3640 1124 3686 meran
1139 3624 1196 3685 en'r
1209 3622 1239 3684 in
1248 3615 1404 3709 paradisos
1428 3621 1620 3691 nonenim
1635 3618 1673 3694 esi

332 3717 425 3794 aliud
440 3737 578 3787 nornen
594 3712 655 3786 sub
671 3711 766 3786 coeso
782 3713 907 3787 datum
925 3709 1143 3792 hominibus,
1157 3715 1193 3782 in
1235 3734 1285 3785 uo
1300 3730 1465 3808 oporteat
1480 3735 1551 3786 nor
1568 3711 1673 3789 salvor

332 3814 415 3889 fieri.
426 3797 534 3908 quim
552 3812 622 3884 hoc
634 3804 983 3895 SS.Nomen]Esua;
999 3805 1099 3905 quod
1110 3732 1354 3882 duscia'rmum
1370 3830 1508 3882 nomen
1524 3809 1673 3887 confido

332 3932 411 3985 rana
427 3907 480 3980 hic
494 3904 582 3981 latro
599 3911 634 3980 in
650 3904 682 3979 se
696 3902 806 3987 rediit,
819 3902 904 3979 scrib
920 3907 1139 3999 poenitum&
1159 3909 1302 3978 veniam
1316 3908 1526 4000 impetravit.

353 4010 358 4015 '
426 3993 1210 4090 Secundaratiohuiurconverfionirsoit,cirm
1230 3997 1320 4072 latro
1336 3996 1673 4077 ittevtditsetuntver·

332 4095 440 4176 salem
461 4098 642 4197 quandam
658 4102 766 4174 totiua
781 4118 910 4175 natura
926 4091 1219 4179 convussronem,
1249 4099 1284 4170 δι
1296 4091 1561 4171 elementorum
1578 4121 1673 4173 com·

1548 4215 1671 4272 morto
