3540 4776
356 232 359 239 '
378 232 455 309 tot
851 208 1120 331 'Cotrfidaratia
1141 215 1234 309 XV.

376 346 612 453 imposteritm
627 372 707 529 egga
721 351 844 433 Deum
861 360 1118 459 &proximum
1133 358 1165 436 se
1179 383 1297 459 gerere
1312 356 1532 439 debeant&c.
1550 362 1612 437 &c
1639 383 1733 461 quo·

375 475 459 528 rum
474 452 635 549 suprema
675 454 741 528 ssia
763 479 805 531 ac
822 462 964 532 monita
979 456 1039 531 filii
1053 462 1222 555 morigeri
1238 475 1363 533 notant
1377 462 1516 540 animo,
1532 448 1736 573 eorumque

375 572 455 625 non
470 548 619 647 ampliitt
634 574 693 649 per
714 574 870 627 omnem
887 558 969 627 vitae
984 550 1123 629 cursum
1149 551 1422 637 obliviscuntur,
1443 558 1594 652 proinde
1614 554 1736 647 lienus

375 641 492 721 dicere
513 644 639 721 solent:
664 645 750 721 Hoc
767 652 799 721 ὅ(
818 646 889 723 hoe
901 644 1109 723 documenti
1126 652 1161 722 in
1178 647 1310 725 ultimo
1330 649 1393 725 suo
1410 671 1526 748 agone
1541 651 1630 725 milti
1653 650 1734 726 reli·

371 747 451 843 ¹quit
463 740 608 819 dilciiua
619 747 760 917 §enitor
774 767 893 829 meur,
916 744 971 819 vel
987 740 1188 823 charissima
1203 767 1316 820 mater
1330 769 1428 821 meaa
1453 770 1497 821 ea
1516 748 1643 846 quibua
1656 744 1735 823 col·

372 837 474 939 liget,
486 834 586 937 qubd
602 864 622 913 u
640 844 726 915 tima
741 844 925 917 morientia
942 838 1048 919 verba
1064 840 1219 919 linteata
1230 864 1274 917 ac
1286 842 1444 939 pretiosa.

463 1020 838 1111 Antmaechrtstianae!
861 1056 936 1110 non
954 1032 1060 1129 vobit
1075 1032 1182 1110 bodie
1196 1034 1374 1128 jacobum
1389 1026 1644 1118 patriarcham,
1670 1054 1733 1113 aut

366 1124 548 1207 Davidem
561 1127 711 1227 Regem,
727 1130 784 1207 vel
799 1127 1036 1206 Matbatlriam
1055 1130 1195 1207 ducem,
1211 1151 1270 1206 aut
1287 1128 1451 1205 Tobiam
1466 1129 1654 1213 seniorem,
1673 1132 1732 1209 vel

365 1225 477 1301 alium
495 1232 704 1327 quempiam
720 1226 931 1303 mortalium
948 1231 1185 1307 morientem,
1203 1233 1237 1300 δι
1259 1226 1382 1303 ultima
1399 1226 1506 1300 verba
1514 1225 1557 1299 ad
1571 1249 1636 1302 voa
1644 1253 1731 1324 pro·

365 1344 530 1397 mentem
555 1345 725 1420 propono
747 1378 756 1407 ,
789 1322 846 1397 sed
867 1323 983 1423 ipsum
1005 1320 1294 1418 pretiofislrmutrr
1315 1325 1411 1397 orbis
1438 1324 1727 1421 Redemptorem

363 1418 549 1496 Cluilium
567 1416 714 1511 JEsum,
739 1420 882 1495 &hunc
895 1420 1104 1495 crucifixum
1122 1430 1391 1516 agonizantem,
1406 1424 1439 1491 δι
1455 1422 1626 1495 ultimum
1645 1446 1723 1495 ver·

32 1604 37 1611 ,
147 1508 216 1574 ω·
224 1515 270 1590 ²3·
277 1502 331 1589 4⁶·
361 1513 452 1591 bum
467 1516 698 1615 loquentem:
721 1526 826 1598 Paret,
839 1524 870 1588 in
878 1542 981 1590 manat
992 1538 1059 1589 ruat
1073 1516 1244 1589 commendo
1254 1520 1390 1615 spirirum
1403 1544 1509 1600 meum,
1559 1514 1662 1591 Plura
1678 1515 1725 1592 de

129 1622 136 1633 ‘
361 1611 433 1689 hoc
451 1610 771 1711 impraesentiarum.
784 1614 1082 1694 examinabimur.

420 1756 422 1761 ·
458 1739 491 1787 2.
516 1706 813 1785 Persesiislrmum
831 1712 1019 1808 quondam
1037 1732 1165 1809 typum
1181 1708 1309 1786 Christi
1333 1713 1488 1809 patientie
1503 1708 1723 1807 repraesenta·

359 1812 411 1883 vit
428 1804 502 1899 Job
520 1809 573 1881 vir
586 1802 888 1883 tolerantiffimut.
934 1806 1009 1901 Job
1026 1806 1180 1884 Reverat
1196 1806 1379 1884 ldumaeae:
1404 1806 1560 1881 Cluilius
1577 1805 1721 1897 Judaeo·

144 1872 206 1953 tob.
215 1887 240 1939 ²·
249 1890 267 1948 ⁷
268 1923 275 1940 ·
359 1927 452 1985 tum,
464 1893 627 1976 imbliex
642 1902 795 2000 Regum,
811 1910 843 1979 ἂ
857 1901 1041 1979 Dominus
1059 1904 1320 1983 universorum.
1368 1904 1441 1994 Job
1457 1903 1629 1978 omnibus
1652 1909 1720 1999 pri-

359 2019 462 2077 vatus
474 1996 522 2072 eli
539 1998 652 2082 bonit.
668 2004 702 2073 bc
715 1996 879 2074 nudutac
892 1998 1066 2077 ulcerosus
1081 1997 1213 2073 seditio
1226 2000 1454 2098 sterquilinio:
1477 1996 1637 2073 Cluilius
1654 2024 1721 2073 nu·
1742 2013 1748 2021 ‘

361 2094 426 2177 dua
438 2094 650 2193 &spoliatur
668 2085 939 2195 vulneribuaciue
955 2094 1292 2263 plenutpegenditin
1306 2095 1433 2171 Cruce.
1483 2095 1556 2197 job
1578 2100 1632 2168 vir
1648 2114 1721 2168 erat

359 2194 545 2277 dolorum,
563 2190 680 2266 dumi
696 2196 808 2291 cipite
816 2195 974 2289 usquead
991 2181 1116 2266 taioni
1138 2191 1249 2264 'aratra
1266 2193 1461 2267 erarulcete
1477 2190 1630 2288 ptllrmo
1647 2212 1721 2287 per·

352 2286 490 2367 ‚cullutt
513 2288 802 2387 Clrriliusllagrit,
812 2288 924 2385 spinis,
939 2288 1045 2363 clavia
1055 2285 1345 2363 serteitctuciatua
1359 2295 1391 2361 dt
1401 2282 1582 2363 confusius
1592 2294 1649 2369 eri,
1661 2309 1720 2360 ve·

140 2382 188 2453 isa.
202 2398 276 2471 533·
358 2384 395 2463 γὲ
410 2394 456 2457 vir
471 2386 619 2469 dolorum,
629 2384 782 2480 desperas,
794 2380 1153 2473 taraviffinnnvirorunr.
1199 2384 1270 2479 Jod
1280 2384 1454 2459 abatatitia
1465 2384 1637 2457 omnibus
1647 2400 1722 2459 erat

359 2484 559 2567 derelictos,
584 2485 643 2579 qui
658 2482 779 2556 slantes
796 2478 840 2555 de
853 2478 960 2576 longi
977 2505 1060 2555 eunt
1077 2504 1153 2555 rton
1170 2500 1438 2576 cognoverunt:
1462 2478 1623 2553 Citriliua
1640 2500 1720 2553 nott

359 2582 547 2662 abamicit,
560 2574 786 2653 sedetiamab
798 2575 873 2675 ipso
892 2572 1021 2653 e'oelelii
1038 2576 1385 2663 l'atrectatdescttua,
1402 2576 1643 2650 undeadeum
1662 2598 1722 2649 ex·

143 2673 244 2736 ttnrh.
258 2685 306 2739 ²²·
359 2678 545 2751 clamavit:
571 2683 616 2745 lit
635 2674 894 2768 quidderelapvisi
910 2684 978 2745 nte?
1007 2674 1087 2748 Cor
1114 2699 1151 2749 ut
1165 2672 1238 2764 Job
1256 2672 1424 2748 traditum
1444 2692 1516 2747 erat
1540 2668 1722 2749 voluntati

206 2758 260 2834 ⁴⁶r
356 2774 510 2858 Satanae,
527 2767 584 2846 sed
604 2794 682 2846 non
700 2776 830 2853 anima,
848 2796 956 2869 quam
972 2768 1032 2845 fibi
1047 2696 1112 2845 soii
1126 2771 1297 2867 benignus
1310 2773 1461 2867 excepit,
1481 2763 1719 2843 &reservavit
1740 2816 1743 2821 -

140 2842 281 2927 1⁰¹⁸'2'6'
357 2869 567 2947 Dominus:
592 2878 664 2939 Ecce
678 2876 708 2941 itt
723 2892 810 2938 marm
825 2892 880 2937 rua
900 2868 956 2953 tsi,
977 2890 1176 2938 vrrvtnrameu
1196 2870 1412 2937 artimamt'litus
1427 2866 1526 2951 {errat
1556 2860 1718 2939 Christus

138 2930 317 3015 L”‘'²3·²⁵'
357 2967 500 3043 traditur
514 2962 562 3037 esl
578 2966 749 3037 voluntari
763 2960 961 3058 &potestati
977 2961 1205 3053 ludaeorum:
1232 2964 1341 3053 ‘stiram
1358 2958 1560 3032 verirrndr'drt
1578 2968 1717 3031 volanta-

352 3073 380 3136 ti
393 3087 513 3140 eorum,
531 3080 568 3131 ut
587 3058 688 3135 illum
709 3081 774 3151 pro
791 3058 936 3131 arbitrio
955 3055 1018 3130 suo
1034 3062 1139 3131 omni
1154 3056 1360 3131 crudelitatis
1379 3048 1576 3131 carnificini
1596 3048 1716 3130 affice·

353 3162 442 3239 re'nt,
457 3150 883 3235 cruciarent,dilaniarent,
897 3150 1277 3233 actrantfoderent,sed
1287 3150 1465 3227 uullamin
1476 3154 1717 3241 animatuejut

354 3250 501 3329 ministri
526 3246 671 3323 Diaboli
688 3246 863 3320 habebant
879 3248 1098 3339 potestatem.
1145 3256 1351 3319 iserumramen
1368 3256 1500 3321 animam
1520 3254 1594 3321 illivs
1611 3248 1716 3340 (aava,

353 3352 436 3427 irinc
450 3344 626 3421 deliruslo
642 3368 897 3440 corporenunc
911 3349 1101 3440 agonizant
1115 3347 1151 3417 in
1168 3368 1269 3419 cruce
1284 3349 1447 3420 animam
1464 3344 1527 3419 soli
1545 3344 1635 3418 l’atri
1648 3343 1721 3419 suo.

137 3464 201 3525 Luc.
212 3467 258 3543 23·
268 3454 322 3540 46.
351 3446 512 3521 tradidit:
537 3448 676 3514 Pateria
691 3466 792 3513 uranus
806 3466 873 3512 ruat
891 3441 1062 3512 continendo
1069 3444 1203 3543 spiritum
1218 3465 1324 3512 meatu.
1376 3438 1479 3517 Disce
1494 3441 1626 3521 exltoc,
1639 3446 1745 3535 ani„

351 3568 413 3621 me
431 3547 495 3625 mi,
510 3541 645 3633 semper
657 3540 833 3627 majorem
846 3534 975 3629 spitirtis
992 3541 1054 3618 tui,
1068 3560 1176 3633 quam
1194 3535 1715 3633 corporiababerecuramom·
1761 3560 1764 3565 ·

351 3646 411 3719 tria
428 3645 542 3720 enim,
568 3634 745 3732 fiperdat,
764 3630 912 3716 suffieit,
932 3631 953 3705 si
968 3632 1074 3707 salver
1088 3637 1249 3709 animam
1264 3652 1384 3715 tuamr
1403 3655 1440 3709 ut
1459 3653 1579 3709 autem
1596 3624 1714 3707 secure*

353 3734 545 3835 aliquando
561 3732 692 3829 spiritua
709 3751 787 3806 tuus
806 3735 842 3804 itt
854 3754 980 3804 manus
999 3727 1065 3803 Dei
1076 3728 1179 3803 Patris
1188 3727 1344 3813 transeat,
1360 3730 1441 3805 vide
1451 3754 1558 3815 nunc,
1575 3730 1617 3805 itt
1630 3752 1713 3803 cor·
1762 3756 1764 3763 ·

137 3850 197 3923 uri,
208 3862 230 3935 ς.
243 3863 295 3932 24.
352 3852 534 3931 portuum
557 3828 693 3923 semper
710 3850 769 3921 per
783 3826 1102 3902 mortificationem
1118 3826 1265 3923 pendeat
1282 3829 1316 3897 in
1332 3824 1467 3912 Cruce,
1487 3833 1539 3921 qui
1552 3836 1628 3899 euim
1639 3824 1718 3917 suat
1760 3856 1764 3867 ·

350 3931 462 4015 cirilli,
477 3924 684 4012 carnemfitam
702 3926 909 4012 crucifixerant
923 3947 987 3993 cvm
1007 3930 1086 3993 ritit't
1102 3929 1140 3994 θ’*
1154 3930 1395 4012 concupiscentiis.

444 4049 475 4111 3.
502 4020 632 4099 David,
645 4018 729 4094 cum
749 4024 783 4094 in
805 4018 939 4092 deserto
958 4018 1072 4091 Maon
1088 4004 1108 4089 la
1123 4016 1226 4091 Saule
1240 4017 1337 4092 boile
1352 4015 1600 4101 infensissimo,
1615 4021 1648 4092 δι
1664 4016 1712 4095 ab
1758 3976 1764 3998 l

349 4122 422 4207 eiur
435 4123 587 4194 exercitu
608 4142 651 4191 ex
667 4121 772 4190 omni
787 4137 881 4213 parte
905 4106 1036 4189 dilluso
1056 4117 1406 4213 circumcingeretuta
1428 4134 1467 4188 ut
1486 4138 1572 4191 cum
1587 4122 1709 4213 perde·
1756 4146 1763 4185 ,ε

275 4232 281 4249 ·
348 4222 470 4295 rent&
487 4216 691 4297 mediatem,
707 4208 1127 4312 oequeulluaampliitr'ei
1142 4198 1709 4311 parereresiugtttocusadunun
1753 4242 1764 4283 .-

1638 4330 1711 4403 prae
1751 4336 1764 4389 ι,
