3540 4776
421 210 442 221 ”
496 202 556 295 De
580 206 617 295 S.
639 206 793 323 Joamu
808 201 984 320 Baptista.
1337 224 1423 309 ηρ

56 344 229 422 Materiae
248 338 288 419 'ab
307 370 344 421 eo
357 351 484 446 Spiritus
503 359 609 430 malas.
635 352 811 431 Rermlra.
828 338 1421 449 quaenonimmetitblnlluporem

57 467 107 520 nte
121 450 224 544 rapit,
241 443 468 543 qubdmalua
484 446 642 524 Daemon
656 449 802 525 suavem
820 448 1066 522 illameitlrarae
1081 442 1419 523 Dauidicaeharmo·

57 547 138 617 uiam
161 566 245 617 non
263 548 419 641 potuerit
438 544 604 629 tolerare,
622 544 679 619 scd
696 570 788 621 mox
804 542 974 641 aufugerit
989 548 1026 618 in
1044 542 1203 621 orcum?
1229 544 1329 619 Latet
1345 539 1414 619 stne

56 637 153 715 dublo
167 644 206 712 in
219 639 289 713 bac
306 640 619 739 cithatamagnum
630 640 853 738 mysterium.

135 734 355 834 Respondet
371 736 461 811 Ven.
480 736 583 820 Beda,
606 738 706 835 quod
720 738 848 812 cithara
862 734 919 809 illa
933 734 1104 811 Dauidica
1117 732 1275 812 Crucem
1286 734 1633 812 Christiveu.tedatrtc·

56 834 353 927 tepraesentaverlt
372 836 408 906 in
425 836 522 922 cujus
533 840 661 909 virtute
675 834 790 909 malus
805 832 936 931 spiritur
945 830 1147 930 sugatuscst.
1173 834 1209 906 S.
1227 829 1629 929 Bonaven-rrudssorpt

55 941 114 1003 tur'a
125 927 220 1004 verb
239 952 305 1021 per
320 929 473 1005 eandem
490 929 661 1005 citharam
681 928 920 1005 Beatitl'rmam
940 928 1123 1027 Virginem
1146 933 1179 1001 δι
1193 928 1318 1002 bhrilli
1335 916 1449 1003 Mat-³·
1461 922 1606 1011 nouam

57 1045 127 1099 trena
140 1023 327 1109 subaudit,
342 1048 453 1121 quam
472 1026 1023 1124 citharammr'n'rustentiirppellar.
1048 1024 1188 1110 Errcce,
1205 1044 1243 1099 ut
1254 1024 1414 1123 primum
1426 1005 1565 1099 999998·

58 1118 135 1215 luju
143 1120 315 1217 mysticae
323 1124 471 1199 citharae,
480 1121 867 1203 Milllldwoxsouuit
877 1127 911 1195 in
921 1122 1060 1195 auribus
1071 1118 1253 1196 Elisabeth:
1271 1093 1477 1219 Magali-U*
1489 1094 1523 1149 ¹⁴⁶

58 1226 202 1290 aarum
220 1243 294 1291 mea
308 1226 492 1299 Dominum,
513 1241 605 1293 mox
621 1207 642 1292 *a
657 1214 799 1307 Joanne
816 1218 964 1315 puerulo
977 1213 1122 1315 Spiritus
1136 1218 1333 1314 malignus.
1353 1223 1431 1317 qui.

56 1309 206 1390 ballenua
225 1338 292 1409 per
308 1312 445 1413 aliquot
462 1314 598 1389 menses
618 1335 875 1412 perpetratum
897 1313 1082 1413 Originale
1101 1337 1186 1387 eum
1206 1310 1413 1412 possederat.

10 1413 14 1429 '
59 1409 195 1495 recellit.
217 1416 256 1484 bt
279 1408 382 1508 pulso
430 1432 550 1485 cecato
576 1410 794 1486 haereditario
811 1410 980 1487 exultavit
995 1408 1110 1487 insana
1133 1433 1200 1506 prae
1217 1408 1351 1507 gaudio
1374 1414 1413 1486 in

10 1570 17 1588 .
61 1527 137 1582 uttro
155 1528 350 1583 materno.
457 1504 603 1603 Superi!
628 1508 737 1605 quim
762 1507 874 1582 suavis
899 1506 971 1581 bac
986 1528 1060 1582 erat
1079 1507 1230 1584 cithara!
1257 1506 1413 1583 Proinde

10 1597 17 1701 f
62 1600 997 1702 mccltbaiparentibuspucrillenominaruscstloannes.

10 1707 18 1783 ’.
131 1696 174 1775 Et
194 1724 326 1799 quare,
343 1700 494 1794 Juaunest
520 1699 612 1774 Rem
629 1724 689 1796 per
704 1698 969 1776 fimilitudinem
987 1724 1081 1798 cape.
1127 1698 1228 1777 Solet
1243 1724 1412 1777 nonnun-

10 1803 20 1910 J
61 1818 148 1895 qaam
162 1798 298 1873 contin
325 1818 392 1877 cre,
402 1792 540 1879 utsurti,
549 1796 603 1871 vel
614 1795 811 1879 homicidii,
828 1796 883 1870 vel
895 1796 1107 1895 proditionis
1119 1816 1179 1873 aut
1191 1797 1327 1871 alterius
1343 1821 1414 1872 non

10 1943 19 2008 l
62 1917 184 1970 ratem
202 1916 269 2063 per
291 1816 423 1985 fudicit
442 1890 649 1968 sententiam
666 1891 709 1967 ad
731 1913 892 1968 mortem
908 1890 1095 1968 damnatus
1117 1892 1162 1968 ad
1181 1890 1336 1992 supplicii
1357 1892 1411 1969 lo·

10 2061 14 2072 ,
62 2015 123 2067 narn
145 2010 201 2065 tra
229 2010 321 2063 atur.
368 1985 417 2061 Ex
437 2011 508 2061 una
531 2010 625 2087 parte
638 1992 946 2063 comitatutreum
968 1986 1228 2075 Confcllariuc,
1247 2013 1291 2063 ex
1305 1986 1408 2066 altera

10 2079 19 2188 ζ
63 2079 194 2164 unisti
209 2085 382 2160 vinclum
400 2104 541 2167 tenens,
568 2110 642 2161 reus
659 2084 798 2159 medius
811 2084 955 2168 incedit,
972 2110 1040 2185 prae
1055 2086 1203 2161 horrore
1217 2083 1408 2161 moxsecu·

10 2191 20 2278 “,
64 2201 122 2258 trra
138 2184 327 2273 neciajam
345 2179 608 2257 semimortuus.
655 2178 803 2256 lutcrlm
826 2182 871 2256 de
892 2181 1001 2281 longe
1015 2188 1047 2257 δι
1061 2182 1249 2281 inopinati)
1266 2181 1407 2257 auditur

10 2279 20 2296 ”
63 2299 116 2357 tux
126 2278 337 2355 clamantia:
362 2284 487 2359 Gratia,
496 2286 611 2371 gracia.
662 2276 750 2355 llaec
763 2282 851 2354 inter
867 2278 1077 2355 caduceator
1091 2282 1406 2377 magia‚rrragiaque

10 2442 20 2466 ,
64 2380 334 2476 appropinquans
357 2396 418 2447 teo
436 2374 594 2449 insinuat.
612 2368 809 2474 Principem
824 2371 892 2449 effe
907 2373 1095 2472 placatum,
1112 2377 1308 2473 mortisque
1325 2373 1403 2448 sen-

64 2480 188 2547 teutiam
202 2488 428 2545 revocatam.
477 2470 517 2542 O
535 2466 657 2544 Deum
681 2470 948 2546 immortalem!
973 2472 1075 2567 quale
1093 2471 1163 2548 hoc
1180 2495 1243 2547 reo
1257 2468 1402 2569 estgau·

10 2619 21 2668 4
60 2564 993 2667 sirm&populicomitantirlatitiaaccongratulatio!

10 2738 23 2787 ,ὲ
133 2666 326 2741 Adverter
352 2662 410 2736 An
437 2686 514 2737 non
528 2685 637 2761 genua
654 2663 856 2739 humanum
872 2683 925 2739 tot
940 2665 1146 2740 obnoxium
1163 2665 1310 2760 peccatis
1325 2662 1403 2755 iam

10 2830 24 2856 „
65 2760 235 2840 brtbatur
249 2761 483 2841 admortem.
497 2769 535 2833 ec
550 2761 698 2855 quidem
714 2755 990 2858 sempiternam!
1016 2756 1178 2835 Infernua
1198 2778 1403 2834 tormento·

13 2855 26 2976 ᾗ
66 2881 122 2936 tun
138 2861 244 2936 locata
262 2858 340 2947 jam
354 2854 638 2953 eratillrparatus.
654 2852 865 2930 &sententia
878 2844 899 2929 al
912 2855 1079 2954 supremo
1092 2852 1215 2946 Judlce
1225 2881 1265 2929 ac
1275 2853 1404 2930 Princi-

16 3010 26 3045 .,
101 2956 181 3031 latae
206 2950 809 3045 Animequcpeccaten'rstpssamoriatur.
834 2946 1283 3048 Verbmbodielnopinatb
1291 2950 1511 3046 poetaram.
1522 2974 1598 3059 124,

17 3056 27 3078 ⁶
66 2975 140 3127 batt
156 3047 283 3126 Matre
294 3048 443 3123 nascitur
462 3052 497 3122 in
508 3046 636 3134 lucem,
650 3052 710 3143 qui
719 3048 882 3125 universo
898 3053 1017 3147 generi
1026 3046 1189 3121 humano
1199 3045 1262 3122 suo
1280 3050 1403 3121 nomi·
1563 3067 1574 3092 ¹

10 3215 30 3244 ι,
67 3150 567 3241 renominegrarlam.grariam,
582 3144 803 3243 proclamat5
825 3151 909 3246 quid
924 3150 1022 3220 enim
1036 3144 1131 3220 aliud
1149 3141 1317 3241 significat
1331 3142 1403 3221 hoe
1470 3160 1473 3165 '
1568 3169 1572 3176 ·

10 3248 31 3276 ·”
67 3235 834 3417 tamenpoarmea,qu“amgnriam.quamhodie
866 3242 979 3319 ecdico
989 3240 1280 3338 generihumano
1294 3239 1407 3337 supre-

22 3401 25 3411 .
68 3266 1405 3436 mcoorumPrinceps,veribenrgnusacdemensoomrnusaddrcrtpau·

10 3417 36 3532 {⁴³
70 3428 171 3537 lapolt
188 3431 741 3537 perChriltumconcedendam't
761 3435 914 3510 l'rolnde
924 3425 1256 3510 merltbbancdiem
1266 3431 1404 3527 speciali

10 3511 40 3628 9
72 3529 183 3610 boore
203 3531 358 3609 celebrat
377 3528 505 3606 Sancta
525 3528 644 3604 Mater
666 3528 825 3607 Ecclesiae
851 3542 890 3603 Et
904 3538 991 3603 multi
1007 3537 1039 3601 in
1050 3536 1207 3602 nativitate
1217 3536 1277 3621 ejus
1289 3530 1400 3625 gaude·
1411 3540 1479 3611 Luc.
1489 3556 1508 3605 t.
1519 3554 1566 3627 ¹4·

10 3604 45 3663 9
75 3627 298 3711 barianum
310 3650 544 3721 megaricorum
559 3634 708 3699 Domino.
758 3624 849 3702 Vide
861 3625 1117 3704 nunccausam.
1131 3648 1238 3725 quare
1249 3624 1403 3719 puerille
1501 3651 1505 3660 ·
1598 3643 1603 3652 '

10 3695 49 3761 '²‘
77 3738 192 3801 matur
207 3724 247 3797 srt
262 3725 402 3817 Ἱοιηηη,
415 3720 451 3796 id
458 3719 516 3805 eli,
520 3730 634 3817 gratia.
679 3720 837 3799 Honora
851 3746 948 3812 eum,
964 3720 1205 3820 &impetrabit
1213 3720 1304 3796 tibil
1318 3718 1402 3799 Deo

13 3797 52 3855 *9
78 3810 597 3914 paiamefficacemaclinalcm.

10 3917 50 3994 ἶ··
140 3944 176 4009 4
204 3914 316 3989 Ven'rt
332 3910 386 3989 hle
401 3916 490 3989 milri
505 3918 540 3987 in
555 3934 736 4003 mentem,
755 3914 858 4016 quod
870 3912 1045 4014 Scriptura
1061 3912 1106 3991 dc
1118 3911 1405 3999 Thamarresert,

10 4005 57 4115 ᾖς’
84 4025 129 4102 tn
144 4014 242 4087 duoa
269 4015 454 4109 progenuit
475 4009 567 4087 stlioa
587 4010 715 4088 l'harea
737 4018 771 4089 bt
792 4014 948 4091 Zaram.
963 4018 1023 4110 qul
1038 4011 1182 4110 gemelli
1198 4010 1401 4089 mirabilem

10 4108 19 4147 ·'
82 4101 256 4188 ‘amodum
272 4109 853 4285 proprimogcnituradecertgruot.
896 4108 1003 4192 Ciam
1018 4106 1410 4222 nuncrcmpuradelset

89 4237 144 4300 a..
196 4265 207 4278 .
787 4234 809 4285 2
1276 4226 1405 4304 partus,
