3540 4776
345 232 766 354 comminuant.
802 238 860 325 ne
876 235 1092 357 viperina
1111 240 1152 328 rt
1170 242 1218 329 v.
1236 237 1294 329 M.
1416 187 1500 349 ιη’

82 254 87 421 l
139 378 180 456 ait
192 374 344 458 Dostot
357 378 573 483 seraphicus.
589 376 792 459 Beatilllrna
809 378 856 458 Vi
898 409 922 458 o
939 382 998 467 eil,
1011 388 1047 461 in
1065 383 1123 461 illa
1140 380 1376 462 allervabatur
1389 380 1498 459 Mau·
1514 413 1533 473 r⁸
1545 412 1638 467 snum
1656 412 1684 471 t.

136 500 183 553 ua.
199 481 238 553 in
254 478 322 556 lrac
335 486 433 581 panis
447 487 561 565 vivus,
575 486 636 579 qui
651 480 695 555 de
709 480 808 556 coelo
824 482 868 554 de
884 478 1008 560 cendit.
1047 484 1138 558 Arca
1152 482 1218 559 Dei
1236 480 1363 560 manfit
1381 483 1417 557 in
1431 478 1498 555 do'·
1509 496 1664 575 nymrote

136 598 198 651 uto
213 574 444 655 Obededum
460 577 569 653 tribus
585 574 782 655 mensib-uss
806 570 863 650 Dr
880 574 917 651 Β.
928 572 1072 674 Virgine
1088 586 1121 653 δι
1137 578 1253 657 Marte
1272 576 1339 653 Del
1354 577 1497 655 dicitur:
1512 587 1579 645 nv.

82 708 85 723 ·
136 674 368 765 Marsfisau'rsm
385 684 495 747 Maria
509 698 573 745 cum
591 680 642 745 illa
661 674 741 767 qual
755 677 848 743 strias
863 675 1009 761 menibus.
1059 674 1178 753 David
1195 701 1319 753 coram
1335 676 1423 751 Arca
1439 672 1497 752 illa

137 767 276 845 luderis
300 770 432 846 saltavit
452 776 534 847 totis
548 775 696 846 viribus.
720 774 800 865 quir
819 770 901 845 telle
917 770 942 845 8
973 770 1168 849 Ambrofio
1184 798 1226 847 ex
1242 772 1306 847 illo
1324 770 1496 869 figurante
1509 788 1523 841 t
1535 782 1712 864 latuerim,

139 872 282 957 anonis
299 866 508 961 figuratum.
527 869 596 943 hoc
611 870 677 951 eli,
692 862 751 943 88.
771 866 926 943 Matrem
943 864 1010 943 Dei
1029 894 1073 944 ex
1090 874 1252 968 germine
1271 869 1334 943 luo
1348 867 1496 947 nascitu·
1509 869 1691 946 ardemu-

139 986 221 1045 ram.
272 963 468 1041 Praecurior
489 962 645 1042 Domini
667 963 834 1039 exultauit
857 969 891 1039 in
911 985 1012 1039 utero
1033 968 1156 1042 Martis
1172 965 1239 1042 lua
1259 990 1328 1065 prae
1339 964 1495 1065 gaudio.

139 1065 212 1159 quia
236 1072 277 1135 dc
300 1062 370 1159 iple
390 1066 538 1159 agnovit
558 1064 774 1159 presentiam
793 1058 961 1137 MARIAE
978 1067 1011 1136 δι
1029 1060 1138 1139 Verbi
1155 1062 1329 1141 lucamati
1341 1070 1405 1140 dtr.
1451 1060 1495 1139 0

139 1156 305 1233 mortales
325 1182 471 1239 omme,
497 1158 518 1232 li
535 1160 697 1233 divinam
713 1156 906 1233 desideratis
924 1158 1237 1246 benedictionem,
1258 1160 1348 1235 hanc
1361 1156 1495 1236 mileti·

139 1252 263 1330 turdi:
278 1255 436 1331 Matrem
456 1264 491 1331 in
509 1256 668 1331 domum
685 1255 853 1334 vellram.
869 1249 949 1329 imi>
968 1262 1000 1330 lit
1017 1283 1081 1334 cor
1096 1256 1251 1333 vestrum
1266 1262 1425 1357 recipite,
1451 1258 1492 1331 cl·

140 1356 260 1423 mitiis
275 1358 358 1425 votis
372 1354 453 1446 quast
462 1366 571 1427 Mater
587 1353 794 1449 honorificata.
840 1352 942 1430 Plura
955 1354 998 1431 dt
1010 1354 1085 1434 lroc
1101 1354 1269 1455 mysterio
1284 1379 1350 1455 pto
1365 1352 1492 1432 conlo·
1503 1342 1575 1415 E⁵⁶¹·
1586 1358 1621 1429 ¹5-
1633 1361 1662 1417 ²·

137 1446 264 1526 latione
283 1446 404 1524 nollra
417 1448 615 1530 audiemus.

111 1582 114 1587 ·
218 1572 256 1625 a.
272 1544 626 1645 Annalilcana‚quia
642 1571 684 1623 ex
697 1547 854 1645 iugulari
865 1544 933 1625 Dei
949 1546 1173 1625 mileratione
1181 1546 1389 1625 Samuelem
1405 1570 1494 1624 cort·

82 1652 85 1672 '
132 1645 238 1741 cepit,
259 1642 421 1721 exultans
437 1641 519 1719 Deo
535 1644 718 1743 hymnum
733 1643 942 1743 {iugularem
961 1649 1103 1733 recimer
1128 1650 1161 1721 &
1178 1650 1260 1744 quia
1276 1643 1493 1741 proplietam

131 1742 285 1817 inurcro
302 1747 475 1839 concepit.
493 1742 685 1841 l’roplretiae
702 1766 846 1842 quoque
860 1747 1009 1841 gratiam
1027 1748 1259 1845 participavit,
1275 1742 1371 1817 unde
1387 1764 1494 1817 com·

126 1836 263 1937 poluit,
282 1844 318 1911 dt
334 1837 416 1913 lato
432 1844 558 1914 animo
576 1837 662 1913 illud
678 1847 857 1915 canticum
875 1838 1149 1915 Eucharillicum
1165 1837 1379 1915 decantante
1401 1844 1495 1913 Exulss
1507 1858 1601 1940 integ.
1614 1870 1680 1926 m.

124 1942 204 2007 mit
218 1958 273 2007 tor
290 1959 388 2007 mum
404 1944 435 2009 in
450 1944 585 2008 Domino
597 1960 673 2007 meo.
726 1938 812 2012 Hoc
828 1934 908 2012 lecit
921 1936 1093 2013 hodierni
1107 1936 1229 2013 luce&
1246 1936 1305 2015 88.
1321 1932 1434 2033 Virgo
1450 1958 1492 2011 ac

121 2030 246 2107 Mater
259 2030 402 2117 Cirtilli,
417 2033 506 2108 dum
523 2031 651 2131 Spiritu
668 2034 789 2111 sanilo
805 2035 906 2134 plena
923 2033 1110 2109 ambulans
1127 2033 1225 2134 super
1239 2054 1414 2110 montana
1430 2030 1492 2126 lu·-

119 2127 208 2205 dn
222 2133 263 2204 in
278 2128 391 2205 fimile
407 2133 587 2207 canticum
603 2130 653 2207 ob
668 2152 885 2229 conceptum
899 2130 1010 2207 Orbis
1019 2128 1188 2209 Meil'ram
1204 2127 1317 2208 loluta
1332 2129 1397 2206 elis
1413 2140 1490 2203 Ms-
1501 2154 1566 2217 Luc.
1576 2168 1595 2221 ι
1607 2152 1663 2239 4⁶,

117 2228 367 2399 gleas‘artim
387 2251 452 2300 mes
473 2236 659 2307 Dominam,
686 2232 724 2303 ό*
744 2235 891 2301 extricavit
902 2234 1022 2324 spiritus
1041 2254 1120 2300 meas
1135 2236 1166 2299 in
1179 2238 1251 2301 Deo
1266 2232 1394 2319 salutari
1411 2250 1489 2300 meo.

178 2320 509 2423 praestantissimum
527 2328 701 2401 omnium
718 2330 940 2401 canticorum
955 2329 1154 2407 canticum!
1175 2332 1258 2423 quia
1272 2326 1399 2399 divino
1414 2320 1489 2416 Spi·
1562 2408 1565 2414 ,

112 2426 187 2499 ritu
211 2416 483 2515 plenilltmum‚
533 2423 608 2496 uod
632 2420 782 2520 proinde
806 2446 881 2497 non
902 2420 1087 2499 immeriti)
1105 2419 1248 2500 Ecclefia
1269 2419 1428 2521 quotidie
1450 2424 1488 2496 irs

115 2512 259 2598 offula
267 2516 492 2614 vesperarum
507 2444 660 2614 lolcmrri
676 2523 741 2597 ritu
757 2518 975 2604 decantatur
989 2542 1054 2629 pro
1062 2518 1187 2596 Verbo
1202 2520 1389 2597 incarnato
1401 2540 1489 2595 cum

98 2614 250 2705 ‚divina
262 2614 378 2693 Matre
392 2612 474 2692 Deo
491 2612 579 2690 Patri
594 2622 718 2717 gratias
733 2634 822 2717 agat.
871 2617 912 2694 Ο
930 2614 953 2693 lt
974 2618 1077 2695 irmili
1093 2615 1305 2703 devotione,
1330 2612 1414 2693 ficut
1427 2610 1489 2693 88.

116 2712 297 2817 Deipara.
311 2712 398 2789 illud
413 2716 694 2794 decantaremus!

219 2804 624 2907 ClrmJudirlr.lreroina
634 2812 693 2888 illa
705 2808 998 2887 lorrillima.cum
1011 2809 1144 2885 telelio
1154 2806 1365 2886 Holofernis
1380 2811 1491 2907 capite

117 2912 157 2986 iu
168 2906 375 3000 Berhuliam
394 2929 639 2993 reverteretur,
658 2915 769 2984 totius
785 2908 908 3005 populi
924 2905 1156 3005 gratulatione
1172 2914 1205 2981 &
1219 2907 1382 3007 applausu
1398 2930 1491 2983 rece·

120 3027 182 3107 pta
197 3002 269 3087 est,
284 3028 396 3103 quam
412 3006 519 3081 Ozias
534 3004 694 3104 Princeps
712 3004 756 3081 stc
772 3004 942 3081 allocutus
959 3003 1042 3081 luit:
1066 3006 1226 3077 Benedicta
1240 3030 1269 3076 es
1276 3006 1343 3097 filia
1357 3010 1493 3075 Domino
1504 3000 1709 3087 iuditium.

123 3113 197 3177 Deo
207 3104 328 3191 excello
339 3128 398 3199 pre
414 3107 547 3175 omullus
561 3109 726 3176 mulieribus
737 3104 824 3197 super
836 3124 948 3174 serram
962 3112 1026 3176 ec.
1068 3101 1126 3177 Ad
1142 3104 1213 3177 ltoc
1227 3124 1371 3199 quoquc
1384 3098 1494 3177 allullt

122 3204 342 3303 cumprimis
354 3200 388 3279 S.
402 3197 546 3275 Gabriel
562 3198 817 3299 Archangelum
839 3200 928 3275 dum
945 3196 1131 3298 Virginem
1150 3204 1185 3275 in
1205 3198 1324 3275 domu
1341 3196 1494 3274 Nazare·
1693 3274 1696 3280 ,

122 3298 234 3374 diana
250 3295 354 3373 stmili
368 3294 440 3371 feri
453 3295 572 3373 modo
587 3298 760 3374 salutavit:
784 3300 869 3378 Ave,
881 3298 984 3385 prasii
997 3306 1100 3393 plena,
1115 3304 1267 3369 Dominus
1280 3317 1393 3378 tuum,
1407 3298 1492 3366 irm-
1504 3302 1598 3367 Luat.
1612 3297 1660 3375 at.

126 3396 203 3469 dua
221 3418 260 3465 ss
272 3400 306 3465 iu
318 3398 494 3477 mulieribus,
507 3401 540 3468 ὅ(
556 3394 725 3470 hodierna
742 3393 819 3471 luce
832 3391 865 3467 8.
878 3390 1064 3467 Elilabetlra
1077 3393 1291 3468 exclamavit
1307 3414 1399 3467 voce
1414 3414 1493 3465 ma·

197 3550 207 3577 ,
221 3496 257 3567 &
270 3492 373 3565 dixit:
390 3492 549 3563 Benediila
561 3516 596 3564 tu
609 3500 688 3564 inter
701 3497 845 3571 mulieres,
856 3494 895 3563 (θ’
905 3490 1067 3562 benedictus
1074 3494 1187 3581 stulius
1198 3494 1308 3561 sennis
1319 3496 1376 3559 cni.
1401 3486 1493 3585 Qi-

198 3584 322 3667 verbis
335 3586 446 3661 alluit
459 3588 587 3664 mulier
601 3581 1221 3686 prudenrill'rma&{SpirituSanclo
1233 3585 1432 3663 illuminata
1444 3582 1491 3659 ad

128 3689 213 3769 ilud
226 3684 300 3762 Dei
314 3684 502 3761 oraculum
520 3682 780 3782 &promissum
795 3678 927 3758 Davidi
946 3680 1133 3796 quondam
1149 3680 1305 3759 iritum:
1330 3692 1383 3755 De
1391 3681 1587 3780 pedatim
1601 3709 1641 3767 tr.
1701 3760 1707 3778 ,

82 3843 84 3855 .
127 3788 419 3877 missuiponam
427 3780 618 3875 srrpnlsdem
633 3784 804 3864 transtu
844 3778 1084 3877 Etlubjungit:
1099 3780 1494 3865 utinamutinam

134 3894 240 3961 Maru
253 3884 388 3953 Domini
404 3886 461 3946 nei
477 3877 521 3948 ad
540 3890 612 3952 me?
647 3877 748 3960 Ecce,
773 3874 962 3954 Elisabetha
983 3902 1059 3953 non
1080 3873 1145 3953 suis
1164 3880 1341 3977 arrogavit
1360 3878 1495 3953 meritis

135 3980 215 4062 lanc
232 3970 254 4057 i
269 3970 333 4049 SS.
349 3968 416 4046 Dei
438 3995 577 4069 parente
594 3974 725 4051 fartam
743 3974 1000 4053 mirationem,
1022 3971 1080 4049 led
1100 3978 1217 4073 gratia
1228 3974 1494 4071 'inexlpeilarar

133 4087 200 4155 Nm
208 4078 256 4167 [ni
268 4076 386 4152 meriti,
397 4070 452 4159 [ed
464 4081 588 4143 muneris
601 4072 651 4163 effe
660 4074 777 4163 fatetur
790 4072 893 4155 divini,
902 4068 988 4144 airS.
998 4070 1219 4148 Ambrofius.
1250 4068 1318 4144 En!
1334 4068 1495 4145 sormam
1504 4072 1530 4135 ς
1540 4066 1630 4131 Mb*
1639 4068 1684 4134 lllt

130 4176 241 4267 uba,
257 4162 465 4271 quomodo
480 4188 580 4268 agere
591 4170 718 4248 debeas
734 4192 820 4251 cum
832 4169 890 4253 88.
900 4166 1063 4343 Βὺἱριη,
1074 4164 1376 4257 Dominanullrs,
1383 4162 1610 4338 zteqtgafflll‘·

137 4286 153 4316 ··
428 4316 440 4331 --
989 4294 1010 4345 a
1433 4286 1495 4338 rr·
